<collection xmlns="http://www.loc.gov/MARC21/slim">
<record>
  <leader>03411nam0a2200529 i 450 </leader>
  <controlfield tag="001">IT\ICCU\CNCE\040755</controlfield>
  <controlfield tag="005">20150508000000.0</controlfield>
  <datafield tag="012" ind1=" " ind2=" ">
    <subfield code="a">ist- i-u- m,m. Scno (3) 1587 (R)</subfield>
    <subfield code="2">fei</subfield>
    <subfield code="9">1</subfield>
  </datafield>
  <datafield tag="012" ind1=" " ind2=" ">
    <subfield code="a">6.4. u-.1 s-to ctes (3) 1587 (R)</subfield>
    <subfield code="2">fei</subfield>
    <subfield code="9">2</subfield>
  </datafield>
  <datafield tag="100" ind1=" " ind2=" ">
    <subfield code="a">19981119d1587        0itac0103    ba</subfield>
  </datafield>
  <datafield tag="101" ind1=" " ind2=" ">
    <subfield code="a">LAT</subfield>
  </datafield>
  <datafield tag="102" ind1=" " ind2=" ">
    <subfield code="a">IT</subfield>
  </datafield>
  <datafield tag="200" ind1="1" ind2=" ">
    <subfield code="a">Enarrationes in sacrosanctum Iesu Christi Euangelium secundum Ioannem, ad  sensum literalem, historicum, &amp; mysticum, immixtis multis sermonibus moralibus, non contemnendis. Authore magistro Michaele de Palacio Granatensi, philosopho, atque theologo clarissimo, ecclesiaeque Ciuitatensis a sacris concionibus, et philosophiae atque theologiae in Salmanticensi Academia olim professore. Tomus primus \-secundus!. Vn ̉cum indice enarrationum, ac rerum et verborum notabilium</subfield>
  </datafield>
  <datafield tag="210" ind1=" " ind2=" ">
    <subfield code="a">Venetiis</subfield>
    <subfield code="c">apud Franciscum Zilettum</subfield>
    <subfield code="d">1587</subfield>
  </datafield>
  <datafield tag="215" ind1=" " ind2=" ">
    <subfield code="a">2 v.</subfield>
    <subfield code="d">4ʻ</subfield>
  </datafield>
  <datafield tag="620" ind1=" " ind2=" ">
    <subfield code="a">IT</subfield>
    <subfield code="d">Venezia</subfield>
  </datafield>
  <datafield tag="700" ind1=" " ind2="1">
    <subfield code="a">Palacios,</subfield>
    <subfield code="b">Miguel : de</subfield>
    <subfield code="3">IT\ICCU\CNCA\010050</subfield>
  </datafield>
  <datafield tag="712" ind1="0" ind2="0">
    <subfield code="a">Ziletti, Francesco</subfield>
    <subfield code="3">IT\ICCU\CNCT\000247</subfield>
    <subfield code="4">650</subfield>
  </datafield>
  <datafield tag="790" ind1=" " ind2="1">
    <subfield code="a">Palacio,</subfield>
    <subfield code="b">Michael : de</subfield>
    <subfield code="3">IT\ICCU\CNCA\021833</subfield>
    <subfield code="z">Palacios, Miguel : de</subfield>
  </datafield>
  <datafield tag="790" ind1=" " ind2="1">
    <subfield code="a">Palacios,</subfield>
    <subfield code="b">Michael : de</subfield>
    <subfield code="3">IT\ICCU\CNCA\021834</subfield>
    <subfield code="z">Palacios, Miguel : de</subfield>
  </datafield>
  <datafield tag="791" ind1="0" ind2="0">
    <subfield code="a">Ziletus, Franciscus</subfield>
    <subfield code="3">IT\ICCU\CNCT\004189</subfield>
    <subfield code="z">Ziletti, Francesco</subfield>
  </datafield>
  <datafield tag="791" ind1="0" ind2="0">
    <subfield code="a">Zilettus, Franciscus</subfield>
    <subfield code="3">IT\ICCU\CNCT\005830</subfield>
    <subfield code="z">Ziletti, Francesco</subfield>
  </datafield>
  <datafield tag="801" ind1=" " ind2="3">
    <subfield code="a">IT</subfield>
    <subfield code="b">ICCU</subfield>
    <subfield code="c">20201114</subfield>
  </datafield>
  <datafield tag="899" ind1=" " ind2=" ">
    <subfield code="a">Biblioteca del Seminario vescovile. Casale Monferrato</subfield>
    <subfield code="1">AL0024</subfield>
    <subfield code="2">TO0 L2</subfield>
  </datafield>
  <datafield tag="899" ind1=" " ind2=" ">
    <subfield code="a">Biblioteca provinciale Salvatore Tommasi. Bazzano</subfield>
    <subfield code="1">AQ0047</subfield>
    <subfield code="2">ABR PR</subfield>
  </datafield>
  <datafield tag="899" ind1=" " ind2=" ">
    <subfield code="a">Biblioteca statale di Montevergine. Mercogliano</subfield>
    <subfield code="1">AV0045</subfield>
    <subfield code="2">NAP MV</subfield>
  </datafield>
  <datafield tag="899" ind1=" " ind2=" ">
    <subfield code="a">Biblioteca provinciale dei Cappuccini di Puglia. Bari</subfield>
    <subfield code="1">BA0017</subfield>
    <subfield code="2">BA1 21</subfield>
  </datafield>
  <datafield tag="899" ind1=" " ind2=" ">
    <subfield code="a">Biblioteca S. Giacomo del Monastero benedettino. Pontida</subfield>
    <subfield code="1">BG0196</subfield>
    <subfield code="2">ZBG 03</subfield>
  </datafield>
  <datafield tag="899" ind1=" " ind2=" ">
    <subfield code="a">Biblioteca comunale Francesco Trinchera senior. Ostuni</subfield>
    <subfield code="1">BR0015</subfield>
    <subfield code="2">BRI PA</subfield>
  </datafield>
  <datafield tag="899" ind1=" " ind2=" ">
    <subfield code="a">Biblioteca del Convento francescano. Dongo</subfield>
    <subfield code="1">CO0075</subfield>
    <subfield code="2">ZCO 04</subfield>
  </datafield>
  <datafield tag="899" ind1=" " ind2=" ">
    <subfield code="a">Biblioteca provinciale dei Cappuccini liguri. Genova</subfield>
    <subfield code="1">GE0039</subfield>
    <subfield code="2">LIG 27</subfield>
  </datafield>
  <datafield tag="899" ind1=" " ind2=" ">
    <subfield code="a">Biblioteca Roberto Caracciolo. Lecce</subfield>
    <subfield code="1">LE0097</subfield>
    <subfield code="2">LEK LL</subfield>
  </datafield>
  <datafield tag="899" ind1=" " ind2=" ">
    <subfield code="a"></subfield>
    <subfield code="1">LE0132</subfield>
    <subfield code="2">LEK L9</subfield>
  </datafield>
  <datafield tag="899" ind1=" " ind2=" ">
    <subfield code="a">Biblioteca Estense Universitaria. Modena</subfield>
    <subfield code="1">MO0089</subfield>
    <subfield code="2">MOD BE</subfield>
  </datafield>
  <datafield tag="899" ind1=" " ind2=" ">
    <subfield code="a">Biblioteca provinciale dei cappuccini. Palermo</subfield>
    <subfield code="z">MUTILO</subfield>
    <subfield code="1">PA0092</subfield>
    <subfield code="2">PAL 66</subfield>
  </datafield>
  <datafield tag="899" ind1=" " ind2=" ">
    <subfield code="a">Biblioteca del Capitolo della Cattedrale. Reggio Emilia</subfield>
    <subfield code="1">RE0046</subfield>
    <subfield code="2">ZRE 01</subfield>
  </datafield>
  <datafield tag="899" ind1=" " ind2=" ">
    <subfield code="a">Biblioteca nazionale centrale. Roma</subfield>
    <subfield code="1">RM0267</subfield>
    <subfield code="2">BVE CR</subfield>
  </datafield>
  <datafield tag="899" ind1=" " ind2=" ">
    <subfield code="a">Biblioteca universitaria Alessandrina. Roma</subfield>
    <subfield code="1">RM0280</subfield>
    <subfield code="2">RML 01</subfield>
  </datafield>
  <datafield tag="899" ind1=" " ind2=" ">
    <subfield code="a">Biblioteca Angelica. Roma</subfield>
    <subfield code="1">RM0290</subfield>
    <subfield code="2">RML 06</subfield>
  </datafield>
  <datafield tag="899" ind1=" " ind2=" ">
    <subfield code="a">Biblioteca provinciale. Salerno</subfield>
    <subfield code="1">SA0063</subfield>
    <subfield code="2">CAM PS</subfield>
  </datafield>
  <datafield tag="899" ind1=" " ind2=" ">
    <subfield code="a">Biblioteca comunale. Montepulciano</subfield>
    <subfield code="1">SI0024</subfield>
    <subfield code="2">RT1 QQ</subfield>
  </datafield>
  <datafield tag="899" ind1=" " ind2=" ">
    <subfield code="a">Biblioteca Niccol ̣V. Sarzana</subfield>
    <subfield code="1">SP0058</subfield>
    <subfield code="2">PBE C5</subfield>
  </datafield>
  <datafield tag="899" ind1=" " ind2=" ">
    <subfield code="a">Fondazione Biblioteca S. Bernardino. Trento</subfield>
    <subfield code="z">MUTILO</subfield>
    <subfield code="1">TN0122</subfield>
    <subfield code="2">ZTN 18</subfield>
  </datafield>
  <datafield tag="911" ind1=" " ind2=" ">
    <subfield code="a">Sul front. del v.1</subfield>
    <subfield code="9">IT\ICCU\CNCM\000314</subfield>
  </datafield>
  <datafield tag="911" ind1=" " ind2=" ">
    <subfield code="a">Sul front. del v.2</subfield>
    <subfield code="9">IT\ICCU\CNCM\000025</subfield>
  </datafield>
  <datafield tag="921" ind1=" " ind2=" ">
    <subfield code="a">IT\ICCU\CNCM\000314</subfield>
    <subfield code="b">Stella cometa con sette piccole stelle tra le punte. In cornice figurata</subfield>
    <subfield code="e">Inter omnes</subfield>
    <subfield code="c">Z370</subfield>
    <subfield code="d">Dimensioni: 4,5 x 6,3</subfield>
    <subfield code="f">INTEROMNES</subfield>
    <subfield code="f">STELLA</subfield>
    <subfield code="f">COMETA</subfield>
    <subfield code="g">1536-1587</subfield>
  </datafield>
  <datafield tag="921" ind1=" " ind2=" ">
    <subfield code="a">IT\ICCU\CNCM\000025</subfield>
    <subfield code="b">Stella cometa con sette piccole stelle tra le punte. In cornice figurata</subfield>
    <subfield code="e">Inter omnes.</subfield>
    <subfield code="c">V526</subfield>
    <subfield code="c">Z369</subfield>
    <subfield code="d">Dimensioni: 5,4 x 6,6</subfield>
    <subfield code="f">COMETA</subfield>
    <subfield code="f">INTEROMNES</subfield>
    <subfield code="f">STELLA</subfield>
    <subfield code="g">1557-1588</subfield>
  </datafield>
</record>
</collection>
